@electronic{b1,
  title         = "ModernGL",
  note           = "https://github.com/moderngl/moderngl",
  month         = "December",
  year          = "2019"
}

@electronic{b2,
  author        = "Morgan McGuire",
  title         = "2D Perlin Noise",
  note           = "https://www.shadertoy.com/view/4dS3Wd",
  month         = "December",
  year          = "2019"
}

@electronic{b3,
  author        = "Cadnav",
  title         = "Cartoon Zebra Rigged 3D Model",
  note           = "http://www.cadnav.com/3d-models/model-38203.html",
  month         = "December",
  year          = "2019"
}

@misc{b4,
  author        = "Jankun-Kelly",
  title         = "Tessellation Example Code",
  month         = December,
  year          = "2019"
}

@misc{b5,
  author        = "Jankun-Kelly",
  title         = "Mini Cooper Object File",
  month         = December,
  year          = "2019"
}
